<record><leader>00000cas a22000007a 4500</leader><controlfield tag="001">2261969</controlfield><controlfield tag="008">760620d18441845pauwr ne      0    0eng d</controlfield><controlfield tag="009">54</controlfield><datafield ind1=" " ind2=" " tag="010"><subfield code="a">sn 85054718 </subfield></datafield><datafield ind1=" " ind2=" " tag="040"><subfield code="a">PIT</subfield><subfield code="b">eng</subfield><subfield code="c">PIT</subfield><subfield code="d">NPH</subfield><subfield code="d">DLC</subfield><subfield code="d">NPH</subfield><subfield code="d">NPX</subfield></datafield><datafield ind1="1" ind2=" " tag="029"><subfield code="a">AU@</subfield><subfield code="b">000025800741</subfield></datafield><datafield ind1=" " ind2=" " tag="042"><subfield code="a">msc</subfield></datafield><datafield ind1="0" ind2="0" tag="050"><subfield code="a">Newspaper 9375-X</subfield></datafield><datafield ind1="0" ind2="4" tag="245"><subfield code="a">The Home journal, and citizen soldier.</subfield></datafield><datafield ind1="1" ind2="3" tag="246"><subfield code="a">Journal and soldier</subfield></datafield><datafield ind1="0" ind2="3" tag="246"><subfield code="a">Journal &amp; soldier</subfield></datafield><datafield ind1=" " ind2=" " tag="260"><subfield code="a">Philadelphia [Pa.] :</subfield><subfield code="b">A.H. Diller,</subfield><subfield code="c">1844-</subfield></datafield><datafield ind1=" " ind2=" " tag="300"><subfield code="a">v. :</subfield><subfield code="b">ill. ;</subfield><subfield code="c">38-62 cm.</subfield></datafield><datafield ind1=" " ind2=" " tag="310"><subfield code="a">Weekly</subfield></datafield><datafield ind1="0" ind2=" " tag="362"><subfield code="a">Vol. 2, no. 1 (Jan. 3, 1844)-    = whole no. 45-</subfield></datafield><datafield ind1="1" ind2=" " tag="362"><subfield code="a">Ceased in 1845.</subfield><subfield code="z">Cf. Rossell, G.E.  Pa. newspapers.</subfield></datafield><datafield ind1=" " ind2=" " tag="500"><subfield code="a">"A weekly newspaper: devoted to literature, science, and the military."</subfield></datafield><datafield ind1=" " ind2=" " tag="752"><subfield code="a">United States</subfield><subfield code="b">Pennsylvania</subfield><subfield code="c">Philadelphia</subfield><subfield code="d">Philadelphia.</subfield></datafield><datafield ind1="0" ind2="4" tag="780"><subfield code="t">Citizen soldier (Philadelphia, Pa.)</subfield><subfield code="w">(DLC)sn 86081476</subfield></datafield><datafield ind1="0" ind2="4" tag="780"><subfield code="t">Home journal (Philadelphia, Pa.)</subfield></datafield><datafield ind1="0" ind2="0" tag="785"><subfield code="t">Pennsylvania reporter, and home journal</subfield><subfield code="w">(DLC)sn 86071500</subfield></datafield></record>